@article{where,
  title={Why engineers are right to avoid the quantum reality offered by the orthodox theory?[point of view]},
  author={Oriols, Xavier and Ferry, David K},
  journal={Proc. IEEE},
  volume={109},
  number={6},
  pages={955--961},
  year={2021},
  publisher={IEEE}
}

@article{operatorsObservables,
  title={Quantum equilibrium and the role of operators as observables in quantum theory},
  author={D{\"u}rr, Detlef and Goldstein, Sheldon and Zangh{\`\i}, Nino},
  journal={J. Stat. Phys.},
  volume={116},
  number={1},
  pages={959--1055},
  year={2004},
  publisher={Springer}
}

@book{consp,
  title={The {C}openhagen {C}onspiracy},
  author={Ferry, David},
  year={2019},
  publisher={Jenny Stanford Publishing}
}
  
@article{Bohm,
  title={A suggested interpretation of the quantum theory in terms of" hidden" variables. {I}},
  author={Bohm, David},
  journal={Phys. Rev.},
  volume={85},
  number={2},
  pages={166},
  year={1952},
  publisher={APS}
}

@book{Holland,
  title={The quantum theory of motion: an account of the de {B}roglie-{B}ohm causal interpretation of quantum mechanics},
  author={Holland, Peter R},
  year={1995},
  publisher={Cambridge university press}
}

@book{Durr,
  title={Bohmian {M}echanics: {T}he {P}hysics and {M}athematics of {Q}uantum {T}heory},
  author={Teufel, Stefan and D{\"u}rr, Detlef},
  year={2009},
  publisher={Springer}
}


@book{JordiXavier,
  title={Applied {B}ohmian mechanics: {F}rom nanoscale systems to cosmology},
  author={Oriols, Xavier and Mompart, Jordi},
  year={2019},
  publisher={CRC Press}
}



@article{Thz,
  title={Stochastic {S}chr{\"o}dinger equations and conditional states: A general non-{M}arkovian quantum electron transport simulator for {T}Hz electronics},
  author={Pandey, Devashish and Colom{\'e}s, Enrique and Albareda, Guillermo and Oriols, Xavier},
  journal={Entropy},
  volume={21},
  number={12},
  pages={1148},
  year={2019},
  publisher={MDPI}
}


@article{Absolute,
  title={Quantum equilibrium and the origin of absolute uncertainty},
  author={D{\"u}rr, Detlef and Goldstein, Sheldon and Zanghi, Nino},
  journal={J. Stat. Phys.},
  volume={67},
  number={5},
  pages={843--907},
  year={1992},
  publisher={Springer}
}

@article{GJ,
  title={Quantum-trajectory approach to time-dependent transport in mesoscopic systems with electron-electron interactions},
  author={Oriols, Xavier},
  journal={Phys. Rev. Lett.},
  volume={98},
  number={6},
  pages={066803},
  year={2007},
  publisher={APS}
}

@article{XOPhysSpace,
  title={Can the wave function in configuration space be replaced by single-particle wave functions in physical space?},
  author={Norsen, Travis and Marian, Damiano and Oriols, Xavier},
  journal={Synthese},
  volume={192},
  number={10},
  pages={3125--3151},
  year={2015},
  publisher={Springer}
}


@book{vonNeumann,
  title={Mathematische grundlagen der quantenmechanik},
  author={Von Neumann, John},
  volume={38},
  year={2013},
  publisher={Springer-Verlag}
}


@article{NeumannNoCollapse,
  title={That von {N}eumann {D}id {N}ot {B}elieve in a {P}hysical {C}ollapse.},
  author={Becker, Lon},
  journal={Br. J. Philos. Sci.},
  volume={55},
  number={1},
  year={2004}
}

@article{Dirac,
  title={Observability, {U}nobservability and the {C}openhagen {I}nterpretation in {D}irac's {M}ethodology of {P}hysics},
  author={Oldofredi, Andrea and Esfeld, Michael},
  journal={arXiv preprint arXiv:1911.02426},
  year={2019}
}


@book{Bohr,
  title={Essays 1932-1957 on Atomic Physics and Human Knowledge},
  author={Bohr, N.},
  isbn={9780918024534},
  lccn={87007778},
  year={1987},
  publisher={Ox Bow Press}
}


@article{XOCM,
  title={Conditions for the classicality of the center of mass of many-particle quantum states},
  author={Oriols, Xavier and Benseny, Albert},
  journal={New J. Phys.},
  volume={19},
  number={6},
  pages={063031},
  year={2017},
  publisher={IOP Publishing}
}

@book{Generalized,
  title={Quantum measurement and control},
  author={Wiseman, Howard M and Milburn, Gerard J},
  year={2009},
  publisher={Cambridge university press}
}

@article{density,
  title={On the role of density matrices in {B}ohmian mechanics},
  author={D{\"u}rr, Detlef and Goldstein, Sheldon and Tumulka, Roderich and Zangh{\'\i}, Nino},
  journal={Found. Phys.},
  volume={35},
  number={3},
  pages={449--467},
  year={2005},
  publisher={Springer}
}

@book{GNSTheorem,
  title={A course in functional analysis},
  author={Conway, John B},
  volume={96},
  year={2019},
  publisher={Springer}
}

@article{continousMeas,
  title={A straightforward introduction to continuous quantum measurement},
  author={Jacobs, Kurt and Steck, Daniel A},
  journal={Contemp. Phys.},
  volume={47},
  number={5},
  pages={279--303},
  year={2006},
  publisher={Taylor \& Francis}
}


@article{MarkovianityDefs,
  title={Concepts of quantum non-{M}arkovianity: {A} hierarchy},
  author={Li, Li and Hall, Michael JW and Wiseman, Howard M},
  journal={Phys. Rep.},
  volume={759},
  pages={1--51},
  year={2018},
  publisher={Elsevier}
}

@article{QuantumTrajs,
  title={Quantum trajectories and quantum measurement theory},
  author={Wiseman, Howard M},
  journal={Quant. Semiclass. Opt. Euro. Opt. Soc. P. B},
  volume={8},
  number={1},
  pages={205},
  year={1996},
  publisher={IOP Publishing}
}


@article{interpretSSE,
  title={Interpretation of non-{M}arkovian stochastic {S}chr{\"o}dinger equations as a hidden-variable theory},
  author={Gambetta, Jay and Wiseman, HM},
  journal={Phys. Rev. A},
  volume={68},
  number={6},
  pages={062104},
  year={2003},
  publisher={APS}
}

@article{NMisModal,
  title={Pure-state quantum trajectories for general non-{M}arkovian systems do not exist},
  author={Wiseman, Howard M and Gambetta, Jay M},
  journal={Phys. Rev. Lett.},
  volume={101},
  number={14},
  pages={140401},
  year={2008},
  publisher={APS}
}

@article{Diosi,
  title={The non-{M}arkovian stochastic {S}chr{\"o}dinger equation for open systems},
  author={Di{\'o}si, Lajos and Strunz, Walter T},
  journal={Phys. Lett. A},
  volume={235},
  number={6},
  pages={569--573},
  year={1997},
  publisher={Elsevier}
}


@inproceedings{WisemanSSE,
  title={A non-{M}arkovian stochastic {S}chr{\"o}dinger equation developed from a hidden variable interpretation},
  author={Gambetta, Jay M and Wiseman, Howard M},
  booktitle={Fluctuations and Noise in Photonics and Quantum Optics},
  volume={5111},
  pages={313--324},
  year={2003},
  organization={SPIE}
}


@article{tdp,
  title={Time-dependent boundary conditions with lead-sample {C}oulomb correlations: {A}pplication to classical and quantum nanoscale electron device simulators},
  author={Albareda, G and L{\'o}pez, H and Cartoixa, X and Sun{\'e}, J and Oriols, X},
  journal={Phys. Rev. B},
  volume={82},
  number={8},
  pages={085301},
  year={2010},
  publisher={APS}
}


@article{Pois,
  title={Many-particle hamiltonian for open systems with full {C}oulomb interaction: {A}pplication to classical and quantum time-dependent simulations of nanoscale electron devices},
  author={Albareda, Guillermo and Sun{\'e}, Jordi and Oriols, Xavier},
  journal={Phys. Rev. B},
  volume={79},
  number={7},
  pages={075315},
  year={2009},
  publisher={APS}
}

@article{inject,
  title={Time-dependent quantum {M}onte {C}arlo simulation of electron devices with two-dimensional {D}irac materials: {A} genuine terahertz signature for graphene},
  author={Zhan, Zhen and Kuang, Xueheng and Colom{\'e}s, Enrique and Pandey, Devashish and Yuan, Shengjun and Oriols, Xavier},
  journal={Phys. Rev. B},
  volume={99},
  number={15},
  pages={155412},
  year={2019},
  publisher={APS}
}

@article{boundary1,
  title={Boundary conditions with {P}auli exclusion and charge neutrality: application to the {M}onte {C}arlo simulation of ballistic nanoscale devices},
  author={L{\'o}pez, Hender and Albareda, G and Cartoix{\`a}, X and Su{\~n}{\'e}, J and Oriols, Xavier},
  journal={J. Comput. Electron.},
  volume={7},
  number={3},
  pages={213--216},
  year={2008},
  publisher={Springer}
}

@article{eph,
  title={Quantum dissipation with conditional wave functions: {A}pplication to the realistic simulation of nanoscale electron devices},
  author={Colom{\'e}s, E and Zhan, Z and Marian, D and Oriols, X},
  journal={Phys. Rev. B},
  volume={96},
  number={7},
  pages={075135},
  year={2017},
  publisher={APS}
}

@article{diver1,
  title={Dynamics of current, charge and mass},
  author={Eisenberg, Bob and Oriols, Xavier and Ferry, David},
  journal={Comput. Math. Biophys.},
  volume={5},
  number={1},
  pages={78--115},
  year={2017},
  publisher={De Gruyter Open Access}
}

@article{diver2,
  title={Quantum transport beyond {DC}},
  author={Oriols, X and Ferry, DK},
  journal={J. Comput. Electron.},
  volume={12},
  number={3},
  pages={317--330},
  year={2013},
  publisher={Springer}
}

@article{equiv,
  title={Weak values from displacement currents in multiterminal electron devices},
  author={Marian, Damiano and Zangh{\`\i}, Nino and Oriols, Xavier},
  journal={Phys. Rev. Lett.},
  volume={116},
  number={11},
  pages={110404},
  year={2016},
  publisher={APS}
}


@article{Pel,
  title={Computation of quantum electrical currents through the {R}amo--{S}hockley--{P}ellegrini theorem with trajectories},
  author={Albareda, G and Traversa, FL and Benali, A and Oriols, X},
  journal={Fluct. Noise Lett.},
  volume={11},
  number={03},
  pages={1242008},
  year={2012},
  publisher={World Scientific}
}


@article{neg,
  title={A proposal for evading the measurement uncertainty in classical and quantum computing: {A}pplication to a resonant tunneling diode and a mach-zehnder interferometer},
  author={Pandey, Devashish and Bellentani, Laura and Villani, Matteo and Albareda, Guillermo and Bordone, Paolo and Bertoni, Andrea and Oriols, Xavier},
  journal={Appl. Sci.},
  volume={9},
  number={11},
  pages={2300},
  year={2019},
  publisher={MDPI}
}


@article{Bell,
  title={Against âmeasurementâ},
  author={Bell, John},
  journal={Phys. World},
  volume={3},
  number={8},
  pages={33},
  year={1990},
  publisher={IOP Publishing}
}


@article{WisemanVel,
  title={Grounding {B}ohmian mechanics in weak values and bayesianism},
  author={Wiseman, HM},
  journal={New J. Phys.},
  volume={9},
  number={6},
  pages={165},
  year={2007},
  publisher={IOP Publishing}
}


@article{Weak,
  title={How the result of a measurement of a component of the spin of a spin-1/2 particle can turn out to be 100},
  author={Aharonov, Yakir and Albert, David Z and Vaidman, Lev},
  journal={Phys. Rev. Lett.},
  volume={60},
  number={14},
  pages={1351},
  year={1988},
  publisher={APS}
}


@article{DevInPosition1,
  title={Unmeasured {B}ohmian properties and their measurement through local-in-position weak values for assessing non-contextual quantum dynamics},
  author={Pandey, Devashish and Sampaio, Rui and Ala-Nissila, Tapio and Albareda, Guillermo and Oriols, Xavier},
  year={2019}
}

@article{DevInPosition2,
  title={Identifying weak values with intrinsic dynamical properties in modal theories},
  author={Pandey, Devashish and Sampaio, Rui and Ala-Nissila, Tapio and Albareda, Guillermo and Oriols, Xavier},
  journal={Phys. Rev. A},
  volume={103},
  number={5},
  pages={052219},
  year={2021},
  publisher={APS}
}



@article{nogo,
  title={No-go theorem for the characterization of work fluctuations in coherent quantum systems},
  author={Perarnau-Llobet, Mart{\'\i} and B{\"a}umer, Elisa and Hovhannisyan, Karen V and Huber, Marcus and Acin, Antonio},
  journal={Phys. Rev. Lett.},
  volume={118},
  number={7},
  pages={070601},
  year={2017},
  publisher={APS}
}


@article{workPb1,
  title={Failure of the work-Hamiltonian connection for free-energy calculations},
  author={Vilar, Jose MG and Rubi, J Miguel},
  journal={Phys. Rev. Lett.},
  volume={100},
  number={2},
  pages={020601},
  year={2008},
  publisher={APS}
}

@article{workPb2,
  title={Concepts of work in autonomous quantum heat engines},
  author={Niedenzu, Wolfgang and Huber, Marcus and Boukobza, Erez},
  journal={Quantum},
  volume={3},
  pages={195},
  year={2019},
  publisher={Verein zur F{\"o}rderung des Open Access Publizierens in den Quantenwissenschaften}
}


@article{modern,
  title={Limitations of the intrinsic cutoff frequency to correctly quantify the speed of nanoscale transistors},
  author={Zhan, Zhen and Colomes, Enrique and Oriols, Xavier},
  journal={IEEE Trans. Electron Devices},
  volume={64},
  number={6},
  pages={2617--2624},
  year={2017},
  publisher={IEEE}
}



@article{tunnel1,
  title={Tunnelling time, what does it mean?},
  author={Orlando, G and McDonald, CR and Protik, NH and Vampa, G and Brabec, T},
  journal={J. Phys. B},
  volume={47},
  number={20},
  pages={204002},
  year={2014},
  publisher={IOP Publishing}
}

@article{tunnel2,
  title={Tunneling times: a critical review},
  author={Hauge, EH and St{\o}vneng, JA},
  journal={Rev. Mod. Phys.},
  volume={61},
  number={4},
  pages={917},
  year={1989},
  publisher={APS}
}

@article{work1,
  title={Quantum power in de {B}roglie--{B}ohm theory},
  author={Kobe, Donald H},
  journal={J. Phys. A Math. Theor.},
  volume={40},
  number={19},
  pages={5155},
  year={2007},
  publisher={IOP Publishing}
}

@article{work2,
  title={Quantum work in the {B}ohmian framework},
  author={Sampaio, Rui and Suomela, Samu and Ala-Nissila, Tapio and Anders, Janet and Philbin, TG},
  journal={Phys. Rev. A},
  volume={97},
  number={1},
  pages={012131},
  year={2018},
  publisher={APS}
}



