# PROGLEGOMENON #############################################################################
@book{schrodinger:mind,
	publisher = {Cambridge University Press},
	title = {Mind and Matter},
	year = {1958},
	author = {Erwin Schr\"{o}dinger}
} 


@book{kant:critique,
    title={Critique of pure reason},
    author={Immanuel Kant},
    year={1899},
    publisher={Willey Book Co.},
    translator={J. M. D. Meiklejohn}
}

@InCollection{kulstad:leibiniz,
	author       =	{Kulstad, Mark and Carlin, Laurence},
	title        =	{{Leibnizâ€™s Philosophy of Mind}},
	booktitle    =	{The {Stanford} Encyclopedia of Philosophy},
	editor       =	{Edward N. Zalta},
	howpublished =	{\url{https://plato-stanford-edu.are.uab.cat/archives/win2020/entries/leibniz-mind/}},
	year         =	{2020},
	edition      =	{{W}inter 2020},
	publisher    =	{Metaphysics Research Lab, Stanford University}
}

@book{ordine:usefulness,
	publisher = {Philadelphia: Paul Dry Books},
	year = {2017},
	title = {The Usefulness of the Useless},
	author = {Nuccio Ordine}
}


@book{descartes:discourse,
	author = {Ren\'e Descartes},
	publisher = {Harmondsworth, Penguin},
	year = {1968},
	title = {Discourse on Method}
}

@book{bohm:wholeness,
	publisher = {Routledge},
	year = {1980},
	title = {Wholeness and the Implicate Order},
	author = {David Bohm}
}
@InCollection{downing:berkeley,
	author       =	{Downing, Lisa},
	title        =	{{George Berkeley}},
	booktitle    =	{The {Stanford} Encyclopedia of Philosophy},
	editor       =	{Edward N. Zalta},
	howpublished =	{\url{https://plato-stanford-edu.are.uab.cat/archives/fall2021/entries/berkeley/}},
	year         =	{2021},
	edition      =	{{F}all 2021},
	publisher    =	{Metaphysics Research Lab, Stanford University}
}

@book{schrodinger:nature,
	year = {1951},
	publisher = {Cambridge, United Kingdom: Cambridge University Press},
	author = {Erwin Schr\"{o}dinger},
	title = {Nature and the Greeks}
}


################################################################################


@book{arnold:mathematical,
  title={Mathematical methods of classical mechanics},
  author={Arnol'd, Vladimir Igorevich},
  volume={60},
  year={2013},
  publisher={Springer Science \& Business Media}
} 

@article{hall:many,
  title={Quantum phenomena modeled by interactions between many classical worlds},
  author={Hall, Michael JW and Deckert, Dirk-Andr{\'e} and Wiseman, Howard M},
  journal={Physical Review X},
  volume={4},
  number={4},
  pages={041013},
  year={2014},
  publisher={APS}
}
