@book{arnold_mathematical,
  title={Mathematical methods of classical mechanics},
  author={Arnol'd, Vladimir Igorevich},
  volume={60},
  year={2013},
  publisher={Springer Science \& Business Media}
} 
