@book{schrodinger_mind,
	publisher = {Cambridge University Press},
	title = {Mind and Matter},
	year = {1958},
	author = {Erwin Schr\"{o}dinger}
} 
